<record><leader>00000cas a22000007a 4500</leader><controlfield tag="001">21236505</controlfield><controlfield tag="008">900319d18831uuucouwr ne      0    0eng d</controlfield><datafield ind1=" " ind2=" " tag="010"><subfield code="a">sn 90051143 </subfield></datafield><datafield ind1=" " ind2=" " tag="040"><subfield code="a">CNQ</subfield><subfield code="b">eng</subfield><subfield code="c">CNQ</subfield><subfield code="d">OCLCQ</subfield></datafield><datafield ind1=" " ind2=" " tag="042"><subfield code="a">msc</subfield></datafield><datafield ind1="0" ind2=" " tag="130"><subfield code="a">Expositor (Alamosa, Colo. : 1883)</subfield></datafield><datafield ind1="1" ind2="4" tag="245"><subfield code="a">The expositor.</subfield></datafield><datafield ind1=" " ind2=" " tag="260"><subfield code="a">Alamosa, Colo. :</subfield><subfield code="b">C.E. Broyles</subfield></datafield><datafield ind1=" " ind2=" " tag="300"><subfield code="a">v.</subfield></datafield><datafield ind1=" " ind2=" " tag="310"><subfield code="a">Weekly</subfield></datafield><datafield ind1="0" ind2=" " tag="362"><subfield code="a">Vol. 1, no. 1 (Sept. 27, 1883)-</subfield></datafield><datafield ind1=" " ind2=" " tag="752"><subfield code="a">United States</subfield><subfield code="b">Colorado</subfield><subfield code="c">Alamosa</subfield><subfield code="d">Alamosa.</subfield></datafield></record>